[gd_scene load_steps=15 format=2]

[ext_resource path="res://Scripts/Header.gd" type="Script" id=1]
[ext_resource path="res://Resources/Fonts/Bebas/BebasNeue Bold.otf" type="DynamicFontData" id=2]
[ext_resource path="res://Resources/Sprites/Header/bg_header.png" type="Texture" id=3]
[ext_resource path="res://Resources/Sprites/Header/fg_progress.png" type="Texture" id=4]
[ext_resource path="res://Resources/Sprites/Header/ic_score.png" type="Texture" id=5]
[ext_resource path="res://Resources/Sprites/Header/btn_back.png" type="Texture" id=6]
[ext_resource path="res://Resources/Sprites/Header/btn_gift.png" type="Texture" id=7]
[ext_resource path="res://Resources/Sprites/Header/bg_progress.png" type="Texture" id=8]
[ext_resource path="res://Resources/Sprites/Header/ic_level.png" type="Texture" id=9]

[sub_resource type="DynamicFont" id=1]
size = 27
use_mipmaps = true
use_filter = true
extra_spacing_top = 5
font_data = ExtResource( 2 )

[sub_resource type="DynamicFont" id=2]
size = 18
outline_size = 2
outline_color = Color( 0.0745098, 0.0901961, 0.203922, 1 )
use_mipmaps = true
use_filter = true
extra_spacing_top = 5
font_data = ExtResource( 2 )

[sub_resource type="DynamicFont" id=3]
size = 24
outline_size = 1
outline_color = Color( 0, 0, 0, 1 )
use_mipmaps = true
use_filter = true
font_data = ExtResource( 2 )

[sub_resource type="StyleBoxTexture" id=4]
texture = ExtResource( 7 )
region_rect = Rect2( 0, 0, 162, 80 )

[sub_resource type="StyleBoxTexture" id=5]
texture = ExtResource( 6 )
region_rect = Rect2( 0, 0, 56, 66 )

[node name="Header" type="Control"]
anchor_right = 1.0
margin_bottom = 119.0
mouse_filter = 2
script = ExtResource( 1 )
__meta__ = {
"_edit_use_anchors_": false
}

[node name="BG" type="TextureRect" parent="."]
anchor_right = 1.0
anchor_bottom = 1.0
rect_min_size = Vector2( 124, 78 )
texture = ExtResource( 3 )
expand = true
__meta__ = {
"_edit_use_anchors_": false
}

[node name="Score" type="Control" parent="."]
anchor_left = 0.5
anchor_top = 0.5
anchor_right = 0.5
anchor_bottom = 0.5
margin_left = -99.0
margin_top = -24.5
margin_right = 99.0
margin_bottom = 12.5
mouse_filter = 2
__meta__ = {
"_edit_group_": true,
"_edit_use_anchors_": false
}

[node name="ScoreBg" type="NinePatchRect" parent="Score"]
anchor_right = 1.0
anchor_bottom = 1.0
texture = ExtResource( 8 )
region_rect = Rect2( 0, 0, 37, 37 )
patch_margin_left = 18
patch_margin_top = 18
patch_margin_right = 19
patch_margin_bottom = 19
__meta__ = {
"_edit_use_anchors_": false
}

[node name="Label" type="Label" parent="Score"]
anchor_right = 1.0
anchor_bottom = 1.0
margin_left = 17.0
custom_fonts/font = SubResource( 1 )
custom_constants/shadow_offset_x = 2
custom_constants/shadow_offset_y = 2
text = "$ 99999"
align = 1
valign = 1
__meta__ = {
"_edit_use_anchors_": false
}

[node name="Ic" type="TextureRect" parent="Score"]
anchor_top = 0.5
anchor_bottom = 0.5
margin_left = -11.0
margin_top = -25.0
margin_right = 39.0
margin_bottom = 25.0
mouse_filter = 2
texture = ExtResource( 5 )
__meta__ = {
"_edit_use_anchors_": false
}

[node name="Level" type="TextureProgress" parent="."]
visible = false
anchor_left = 0.5
anchor_right = 0.5
margin_left = 78.5
margin_top = 26.0
margin_right = 182.5
margin_bottom = 53.0
mouse_filter = 2
texture_under = ExtResource( 8 )
texture_progress = ExtResource( 4 )
nine_patch_stretch = true
stretch_margin_left = 13
stretch_margin_top = 13
stretch_margin_right = 14
stretch_margin_bottom = 14
__meta__ = {
"_edit_group_": true,
"_edit_use_anchors_": false
}

[node name="LevelScoreLabel" type="Label" parent="Level"]
anchor_right = 1.0
anchor_bottom = 1.0
margin_left = 13.0
custom_fonts/font = SubResource( 2 )
text = "500/3900"
align = 1
valign = 1
__meta__ = {
"_edit_use_anchors_": false,
"_editor_description_": ""
}

[node name="IcLevel" type="TextureRect" parent="Level"]
anchor_top = 0.5
anchor_bottom = 0.5
margin_left = 2.0
margin_top = -11.0
margin_right = 28.0
margin_bottom = 15.0
texture = ExtResource( 9 )
__meta__ = {
"_edit_use_anchors_": false
}

[node name="LevelLabel" type="Label" parent="Level/IcLevel"]
visible = false
anchor_left = 0.949153
anchor_top = 0.037037
anchor_right = 3.25424
anchor_bottom = 1.03704
custom_fonts/font = SubResource( 3 )
custom_colors/font_color = Color( 1, 1, 1, 1 )
text = "5"
align = 1
valign = 1
__meta__ = {
"_edit_use_anchors_": true
}

[node name="BtnGift" type="Button" parent="."]
visible = false
anchor_left = 0.5
anchor_top = 1.0
anchor_right = 0.5
anchor_bottom = 1.0
margin_left = -81.5
margin_top = -62.0
margin_right = 80.5
margin_bottom = 18.0
focus_mode = 0
custom_styles/hover = SubResource( 4 )
custom_styles/pressed = SubResource( 4 )
custom_styles/focus = SubResource( 4 )
custom_styles/disabled = SubResource( 4 )
custom_styles/normal = SubResource( 4 )
shortcut_in_tooltip = false
enabled_focus_mode = 0
__meta__ = {
"_edit_group_": true,
"_edit_use_anchors_": false
}

[node name="BtnBack" type="Button" parent="."]
anchor_top = 0.5
anchor_bottom = 0.5
margin_left = 22.0
margin_top = -36.5
margin_right = 78.0
margin_bottom = 29.5
focus_mode = 0
custom_styles/hover = SubResource( 5 )
custom_styles/pressed = SubResource( 5 )
custom_styles/focus = SubResource( 5 )
custom_styles/disabled = SubResource( 5 )
custom_styles/normal = SubResource( 5 )
shortcut_in_tooltip = false
enabled_focus_mode = 0
__meta__ = {
"_edit_group_": true,
"_edit_use_anchors_": false
}

[node name="Tween" type="Tween" parent="."]

[connection signal="pressed" from="BtnGift" to="." method="_on_BtnGift_pressed"]
[connection signal="pressed" from="BtnBack" to="." method="_on_BtnBack_pressed"]
